<record><leader>00000cas a22000007a 4500</leader><controlfield tag="001">22743035</controlfield><controlfield tag="008">901127d18uu1904nyusr ne      0    0eng d</controlfield><datafield ind1=" " ind2=" " tag="010"><subfield code="a">sn 90065079 </subfield></datafield><datafield ind1=" " ind2=" " tag="040"><subfield code="a">YOX</subfield><subfield code="b">eng</subfield><subfield code="c">YOX</subfield><subfield code="d">OCL</subfield><subfield code="d">KRTAS</subfield><subfield code="d">OCLCQ</subfield><subfield code="d">OCLCF</subfield><subfield code="d">OCLCO</subfield></datafield><datafield ind1=" " ind2=" " tag="042"><subfield code="a">msc</subfield></datafield><datafield ind1=" " ind2=" " tag="043"><subfield code="a">n-us-ny</subfield></datafield><datafield ind1="0" ind2="0" tag="245"><subfield code="a">Harlem local reporter and Bronx chronicle.</subfield></datafield><datafield ind1="1" ind2="7" tag="246"><subfield code="a">Harlem local reporter</subfield><subfield code="f">&lt;Jan. 1, 1898&gt;-Jan 8, 1898</subfield></datafield><datafield ind1="1" ind2="3" tag="246"><subfield code="a">Bronx chronicle</subfield></datafield><datafield ind1="1" ind2="3" tag="246"><subfield code="a">Harlem reporter</subfield></datafield><datafield ind1="1" ind2="3" tag="246"><subfield code="a">Local reporter</subfield></datafield><datafield ind1=" " ind2=" " tag="260"><subfield code="a">New York [N.Y.] :</subfield><subfield code="b">Harlem Reporter Co.</subfield></datafield><datafield ind1=" " ind2=" " tag="300"><subfield code="a">v.</subfield></datafield><datafield ind1=" " ind2=" " tag="310"><subfield code="a">Weekly,</subfield><subfield code="b">&lt;Feb. 28, 1905&gt;-</subfield></datafield><datafield ind1=" " ind2=" " tag="321"><subfield code="a">Semiweekly,</subfield><subfield code="b">&lt;Jan. 1, 1898-Jan. 7, 1903&gt;</subfield></datafield><datafield ind1=" " ind2=" " tag="515"><subfield code="a">Issues for 1901 incorrectly called 26th year; Issues for 1902 incorrectly called 29th year.</subfield></datafield><datafield ind1=" " ind2=" " tag="515"><subfield code="a">Issue for Jan. 7, 1903 called: 29th year, Whole no. 3128.</subfield></datafield><datafield ind1=" " ind2=" " tag="515"><subfield code="a">30th year, Whole no. 3127(Feb. 28, 1903)-&lt;31st year, Whole no. 3119(Mar. 5, 1904)&gt; also called: New no. 4-&lt;New no. 57&gt;.</subfield></datafield><datafield ind1=" " ind2=" " tag="588"><subfield code="a">Description based on: 24th year, Whole no. 2,606 (Jan. 1, 1898).</subfield></datafield><datafield ind1=" " ind2="0" tag="651"><subfield code="a">Harlem (New York, N.Y.)</subfield><subfield code="v">Newspapers.</subfield></datafield><datafield ind1=" " ind2="0" tag="651"><subfield code="a">Bronx (New York, N.Y.)</subfield><subfield code="v">Newspapers.</subfield></datafield><datafield ind1=" " ind2="0" tag="651"><subfield code="a">New York (N.Y.)</subfield><subfield code="v">Newspapers.</subfield></datafield><datafield ind1=" " ind2="7" tag="655"><subfield code="a">Newspapers.</subfield><subfield code="2">fast</subfield><subfield code="0">(OCoLC)fst01423814</subfield></datafield><datafield ind1=" " ind2="7" tag="651"><subfield code="a">New York (State)</subfield><subfield code="z">New York.</subfield><subfield code="2">fast</subfield><subfield code="0">(OCoLC)fst01204333</subfield></datafield><datafield ind1=" " ind2="7" tag="651"><subfield code="a">New York (State)</subfield><subfield code="z">New York</subfield><subfield code="z">Bronx.</subfield><subfield code="2">fast</subfield><subfield code="0">(OCoLC)fst01313050</subfield></datafield><datafield ind1=" " ind2="7" tag="651"><subfield code="a">New York (State)</subfield><subfield code="z">New York</subfield><subfield code="z">Harlem.</subfield><subfield code="2">fast</subfield><subfield code="0">(OCoLC)fst01312318</subfield></datafield><datafield ind1=" " ind2=" " tag="752"><subfield code="a">New York</subfield><subfield code="b">New York</subfield><subfield code="c">New York</subfield><subfield code="d">New York.</subfield></datafield><datafield ind1="0" ind2="0" tag="780"><subfield code="t">Harlem local reporter</subfield><subfield code="w">(DLC)sn 83030649</subfield></datafield><datafield ind1="0" ind2="0" tag="785"><subfield code="t">Harlem reporter and Bronx chronicle</subfield><subfield code="w">(DLC)sn 83030532</subfield></datafield><datafield ind1=" " ind2=" " tag="938"><subfield code="a">Kirtas Technologies, Inc.</subfield><subfield code="b">KRTS</subfield><subfield code="n">740425</subfield></datafield></record>